<?xml version="1.0" encoding="UTF-8"?><collection xmlns="http://www.loc.gov/MARC21/slim"><record><leader>00666nam--2200217-u-4500</leader><controlfield tag="001">000050371</controlfield><controlfield tag="002">20161230</controlfield><controlfield tag="003">81794</controlfield><controlfield tag="005">20161230201048</controlfield><controlfield tag="008">070129s1000------------r-----000-0-eng-d</controlfield><datafield ind1=" " ind2=" " tag="020"><subfield code="a">0-8218-1178-9</subfield></datafield><datafield ind1=" " ind2=" " tag="040"><subfield code="a">IFIN-HH</subfield></datafield><datafield ind1=" " ind2=" " tag="041"><subfield code="a">eng</subfield></datafield><datafield ind1="1" ind2=" " tag="100"><subfield code="a">Karasev,M.V.(Ed.)</subfield></datafield><datafield ind1="1" ind2="0" tag="245"><subfield code="a">Coherent Transform, Quantization and Poisson Geometry</subfield></datafield><datafield ind1=" " ind2=" " tag="260"><subfield code="a">Rhode Island</subfield><subfield code="b">American Mathematical Society</subfield><subfield code="c">1998</subfield></datafield><datafield ind1=" " ind2=" " tag="300"><subfield code="a">300 p</subfield></datafield><datafield ind1=" " ind2=" " tag="490"><subfield code="a">American Mathematical Society. Translations.Advances in the Mathematical Science-40</subfield><subfield code="v">Series 2. Vol.187</subfield></datafield><datafield ind1=" " ind2="4" tag="650"><subfield code="a">Infinitesimal Poisson Cohomology</subfield></datafield><datafield ind1=" " ind2=" " tag="852"><subfield code="a">81794</subfield><subfield code="c">513</subfield></datafield><datafield ind1=" " ind2=" " tag="CAT"><subfield code="a">Sys</subfield><subfield code="c">20080602</subfield><subfield code="h">121011</subfield></datafield></record></collection>